[gd_scene load_steps=11 format=2]

[ext_resource path="res://minigames/knock_off/knock_off.gd" type="Script" id=1]
[ext_resource path="res://default_env.tres" type="Environment" id=2]
[ext_resource path="res://fonts/title_font.tres" type="DynamicFont" id=3]
[ext_resource path="res://boards/controller/pausemenu.tscn" type="PackedScene" id=4]
[ext_resource path="res://minigames/knock_off/ice/ice_mesh.tres" type="ArrayMesh" id=5]
[ext_resource path="res://minigames/knock_off/ice/ice_material.tres" type="Material" id=6]
[ext_resource path="res://minigames/knock_off/ice/ice_shape.tres" type="Shape" id=7]
[ext_resource path="res://minigames/knock_off/player_knock_off.tscn" type="PackedScene" id=8]
[ext_resource path="res://minigames/knock_off/water/water_material.tres" type="Material" id=9]










[sub_resource type="PlaneMesh" id=1]

custom_aabb = AABB( 0, 0, 0, 0, 0, 0 )
size = Vector2( 30, 30 )
subdivide_width = 70
subdivide_depth = 70

[node name="Root" type="Spatial"]

script = ExtResource( 1 )

[node name="Environment" type="WorldEnvironment" parent="." index="0"]

environment = ExtResource( 2 )

[node name="Camera" type="Camera" parent="Environment" index="0"]

transform = Transform( 1, 0, 0, 0, 0.573577, 0.819152, 0, -0.819152, 0.573577, 0, 6, 3.5 )
keep_aspect = 1
cull_mask = 1048575
environment = null
h_offset = 0.0
v_offset = 0.0
doppler_tracking = 0
projection = 0
current = false
fov = 70.0
size = 1.0
near = 0.05
far = 100.0
_sections_unfolded = [ "Transform" ]

[node name="Screen" type="Control" parent="Environment" index="1"]

anchor_left = 0.0
anchor_top = 0.0
anchor_right = 1.0
anchor_bottom = 1.0
rect_pivot_offset = Vector2( 0, 0 )
rect_clip_content = false
mouse_filter = 0
mouse_default_cursor_shape = 0
size_flags_horizontal = 1
size_flags_vertical = 1
_sections_unfolded = [ "Anchor", "Focus", "Grow Direction", "Hint", "Margin", "Mouse", "Rect", "Size Flags" ]

[node name="Message" type="Label" parent="Environment/Screen" index="0"]

anchor_left = 0.0
anchor_top = 0.0
anchor_right = 1.0
anchor_bottom = 0.0
margin_top = 128.0
rect_pivot_offset = Vector2( 0, 0 )
rect_clip_content = false
mouse_filter = 2
mouse_default_cursor_shape = 0
size_flags_horizontal = 1
size_flags_vertical = 4
custom_fonts/font = ExtResource( 3 )
custom_colors/font_color_shadow = Color( 0, 0, 0, 1 )
custom_constants/shadow_as_outline = 1
text = "Player wins!"
align = 1
percent_visible = 1.0
lines_skipped = 0
max_lines_visible = -1
_sections_unfolded = [ "Anchor", "Margin", "Material", "Visibility", "custom_colors", "custom_constants", "custom_fonts" ]

[node name="PauseMenu" parent="Environment/Screen" index="1" instance=ExtResource( 4 )]

visible = false

[node name="Ground" type="MeshInstance" parent="." index="1"]

editor/display_folded = true
transform = Transform( 1.41421, 0, 1.41421, 0, 1, 0, -1.41421, 0, 1.41421, -0.289686, 1, -0.692997 )
layers = 1
material_override = null
cast_shadow = 1
extra_cull_margin = 0.0
use_in_baked_light = false
lod_min_distance = 0.0
lod_min_hysteresis = 0.0
lod_max_distance = 0.0
lod_max_hysteresis = 0.0
mesh = ExtResource( 5 )
skeleton = NodePath("..")
material/0 = ExtResource( 6 )
_sections_unfolded = [ "Transform", "material" ]

[node name="StaticBody" type="StaticBody" parent="Ground" index="0"]

input_ray_pickable = true
input_capture_on_drag = false
collision_layer = 1
collision_mask = 1
friction = 1.0
bounce = 0.0
constant_linear_velocity = Vector3( 0, 0, 0 )
constant_angular_velocity = Vector3( 0, 0, 0 )

[node name="CollisionShape" type="CollisionShape" parent="Ground/StaticBody" index="0"]

shape = ExtResource( 7 )
disabled = false

[node name="Player1" parent="." index="2" instance=ExtResource( 8 )]

transform = Transform( 1, 0, 0, 0, 1, 0, 0, 0, 1, 0, 2.53316, -2 )
_sections_unfolded = [ "Transform" ]

[node name="Player2" parent="." index="3" instance=ExtResource( 8 )]

transform = Transform( -1, 0, -8.74228e-08, 0, 1, 0, 8.74228e-08, 0, -1, 0, 2.53316, 2 )
_sections_unfolded = [ "Transform" ]

[node name="Player3" parent="." index="4" instance=ExtResource( 8 )]

transform = Transform( -4.37114e-08, 0, 1, 0, 1, 0, -1, 0, -4.37114e-08, -2, 2.53316, 0 )
_sections_unfolded = [ "Transform" ]

[node name="Player4" parent="." index="5" instance=ExtResource( 8 )]

transform = Transform( -4.37114e-08, 0, -1, 0, 1, 0, 1, 0, -4.37114e-08, 2, 2.53316, 0 )
_sections_unfolded = [ "Transform" ]

[node name="Sun" type="DirectionalLight" parent="." index="6"]

transform = Transform( 0.642788, 0.627507, -0.439385, 0, 0.573576, 0.819152, 0.766044, -0.526541, 0.368688, -6, 4, 3 )
layers = 1
light_color = Color( 1, 1, 1, 1 )
light_energy = 1.0
light_indirect_energy = 1.0
light_negative = false
light_specular = 0.5
light_bake_mode = 1
light_cull_mask = -1
shadow_enabled = true
shadow_color = Color( 0, 0, 0, 1 )
shadow_bias = 0.1
shadow_contact = 0.0
shadow_reverse_cull_face = false
editor_only = false
directional_shadow_mode = 2
directional_shadow_split_1 = 0.1
directional_shadow_split_2 = 0.2
directional_shadow_split_3 = 0.5
directional_shadow_blend_splits = false
directional_shadow_normal_bias = 0.8
directional_shadow_bias_split_scale = 0.25
directional_shadow_depth_range = 0
directional_shadow_max_distance = 200.0
_sections_unfolded = [ "Directional Shadow", "Light" ]

[node name="Water" type="MeshInstance" parent="." index="7"]

transform = Transform( 1, 0, 0, 0, 1, 0, 0, 0, 1, 0, 1.5, 0 )
layers = 1
material_override = null
cast_shadow = 1
extra_cull_margin = 0.0
use_in_baked_light = false
lod_min_distance = 0.0
lod_min_hysteresis = 0.0
lod_max_distance = 0.0
lod_max_hysteresis = 0.0
mesh = SubResource( 1 )
skeleton = NodePath("..")
material/0 = ExtResource( 9 )
_sections_unfolded = [ "Transform", "material" ]


